@article {mchistory,
	author = {Nicholas Metropolis},
	title = {The beginning of the Monte Carlo Method},
	journal = {Los Alamos Science},
	year = {1987},
	volume = {15},
	pages = {125-130}
}
	
@article {metropolis,
	author = {Nicholas Metropolis and Arianna W. Rosenbluth and Marshall N. Rosenbluth and Augusta H. Teller and Edward Teller},
	title = {Equations of State Calculations by Fast Computing Machines},
	journal = {The Journal Of Chemical Physics},
	year = {1953},
	volume = {21},
	number = {6},
	pages = {1087-1092}
}
	
@article {glauber,
   author = {David Levin and Malwina Luczak and Yuval Peres},
   title = {Glauber dynamics for the mean-field Ising model: cut-off, critical power law, and metastability},
   journal = {Probability Theory and Related Fields},
   year = {2010},
   volume = {146},
   pages = {223-265}
}

@article {knuth,
	author = {Donald E. Knuth},
	title = {Der Perfektionist},
	journal = {heise.de - c't},
	year = {2002},
	month = may,
	pages = {190}
}